<record><leader>00000cas a22000007a 4500</leader><controlfield tag="001">13914845</controlfield><controlfield tag="008">860722d18591883nyucr ne      0    0fre  </controlfield><datafield ind1=" " ind2=" " tag="010"><subfield code="a">sn 86071730 </subfield></datafield><datafield ind1=" " ind2=" " tag="040"><subfield code="a">DLC</subfield><subfield code="b">eng</subfield><subfield code="c">DLC</subfield><subfield code="d">NSD</subfield><subfield code="d">MGN</subfield><subfield code="d">OCLCQ</subfield></datafield><datafield ind1=" " ind2=" " tag="042"><subfield code="a">msc</subfield></datafield><datafield ind1="0" ind2="0" tag="050"><subfield code="a">Newspaper 8829-X</subfield></datafield><datafield ind1="0" ind2="3" tag="245"><subfield code="a">Le Messager franco-americaine.</subfield></datafield><datafield ind1=" " ind2=" " tag="250"><subfield code="a">Ed. speciale pour l'Europe.</subfield></datafield><datafield ind1=" " ind2=" " tag="260"><subfield code="a">New York [N.Y.] :</subfield><subfield code="b">H. De Mareil</subfield></datafield><datafield ind1=" " ind2=" " tag="300"><subfield code="a">v. ;</subfield><subfield code="c">64 cm.</subfield></datafield><datafield ind1=" " ind2=" " tag="310"><subfield code="a">Semiweekly</subfield></datafield><datafield ind1=" " ind2=" " tag="321"><subfield code="a">Weekly,</subfield><subfield code="b">1859-&lt;1869&gt;</subfield></datafield><datafield ind1="1" ind2=" " tag="362"><subfield code="a">Began in 1859; ceased in 1883?.</subfield></datafield><datafield ind1=" " ind2=" " tag="580"><subfield code="a">Also published in a daily ed. with title: Messager franco-americain; in a hebdomadaire ed. with title: Messager franco-americain.</subfield></datafield><datafield ind1=" " ind2=" " tag="588"><subfield code="a">Description based on: 10me anne&#769;e, no 28 (17 juil. 1869).</subfield></datafield><datafield ind1=" " ind2=" " tag="752"><subfield code="a">United States</subfield><subfield code="b">New York</subfield><subfield code="c">New York</subfield><subfield code="d">New York.</subfield></datafield><datafield ind1="1" ind2=" " tag="775"><subfield code="t">Messager franco-ame&#769;ricain (New York, N.Y. : 1860)</subfield><subfield code="x">1052-6056</subfield><subfield code="w">(DLC)sn 83030251</subfield></datafield><datafield ind1="1" ind2=" " tag="775"><subfield code="t">Messager franco-ame&#769;ricain (New York, N.Y. : 1859)</subfield><subfield code="x">1052-6048</subfield><subfield code="w">(DLC)sn 85026369</subfield></datafield><datafield ind1="1" ind2=" " tag="029"><subfield code="a">AU@</subfield><subfield code="b">000025790246</subfield></datafield></record>